
@article{latychevskaia2010depth,
  title={Depth-resolved holographic reconstructions by three-dimensional deconvolution},
  author={Latychevskaia, Tatiana and Gehri, Fabian and Fink, Hans-Werner},
  journal={Optics express},
  volume={18},
  number={21},
  pages={22527--22544},
  year={2010},
  publisher={Optical Society of America}
}
@article{tanakareduction,
  title={Reduction of reconstructed particle elongation using iterative min-max filtering in holographic particle image velocimetry},
  author={Tanaka, Yohsuke and Murata, Shigeru}
}